<?xml version="1.0" encoding="UTF-8"?><collection xmlns="http://www.loc.gov/MARC21/slim"><record><leader>00432nam--2200121-i-4500</leader><controlfield tag="001">000007110</controlfield><controlfield tag="002">20161230</controlfield><controlfield tag="005">20161230201027</controlfield><controlfield tag="008">060222s1000------------r-----000-0-eng-d</controlfield><datafield ind1=" " ind2=" " tag="245"><subfield code="a">Ans topical meeting. nuclear performance of power-reactor coresponsored by the northen california local section of the american nu- clear society, september 26-27, 1963</subfield></datafield><datafield ind1=" " ind2=" " tag="260"><subfield code="a">Washington, U.S.A.E.C., 1964 Xii+457 P</subfield></datafield><datafield ind1=" " ind2=" " tag="490"><subfield code="a">7672</subfield></datafield><datafield ind1=" " ind2=" " tag="852"><subfield code="a">21018</subfield></datafield></record></collection>